@inproceedings{Johnstone:1998:MFP:286860.286864,
 author = {Johnstone, Mark S. and Wilson, Paul R.},
 title = {The Memory Fragmentation Problem: Solved?},
 booktitle = {Proceedings of the 1st International Symposium on Memory Management},
 series = {ISMM '98},
 year = {1998},
 isbn = {1-58113-114-3},
 location = {Vancouver, British Columbia, Canada},
 pages = {26--36},
 numpages = {11},
 url = {http://doi.acm.org/10.1145/286860.286864},
 doi = {10.1145/286860.286864},
 acmid = {286864},
 publisher = {ACM},
 address = {New York, NY, USA},
} 

@inproceedings{Rodriguez-Rivera:1998:NNG:286860.286869,
 author = {Rodriguez-Rivera, Gustavo and Spertus, Michael and Fiterman, Charles},
 title = {A Non-fragmenting Non-moving, Garbage Collector},
 booktitle = {Proceedings of the 1st International Symposium on Memory Management},
 series = {ISMM '98},
 year = {1998},
 isbn = {1-58113-114-3},
 location = {Vancouver, British Columbia, Canada},
 pages = {79--85},
 numpages = {7},
 url = {http://doi.acm.org/10.1145/286860.286869},
 doi = {10.1145/286860.286869},
 acmid = {286869},
 publisher = {ACM},
 address = {New York, NY, USA},
 keywords = {conservative garbage collection, fragmentation, garbage collection, memory allocation, non-copying garbage collection},
} 

@article{robson1977worst,
  title={Worst case fragmentation of first fit and best fit storage allocation strategies},
  author={Robson, John M},
  journal={The Computer Journal},
  volume={20},
  number={3},
  pages={242--244},
  year={1977},
  publisher={Br Computer Soc}
}

@article{DBLP:journals/toplas/BenderskyP12,
  author    = {Anna Bendersky and
               Erez Petrank},
  title     = {Space overhead bounds for dynamic memory management with partial compaction},
  journal   = {{ACM} Trans. Program. Lang. Syst.},
  volume    = {34},
  number    = {3},
  pages     = {13},
  year      = {2012},
  url       = {http://doi.acm.org/10.1145/2362389.2362392},
  doi       = {10.1145/2362389.2362392},
  timestamp = {Wed, 05 Dec 2012 21:05:06 +0100},
  biburl    = {http://dblp.uni-trier.de/rec/bib/journals/toplas/BenderskyP12},
  bibsource = {dblp computer science bibliography, http://dblp.org}
}