@manual{hara:whymemory,
  title  = {[Chromium] Why We Work On Memory},
  author = {Hara, Kentaro},
  note   = {\url{https://docs.google.com/document/d/1jhERqimO-LtuplzQzbBv1vK7SVOh63AMf2irJI2LOqU/edit}},
  year   = {2016},
  note   = {Accessed: 2017-04-22},
}

@manual{google:oilpan,
  title  = {[Blink-dev] Oilpan - experimenting with a garbage collected heap for the DOM},
  author = {Mads Adger},
  note   = {\url{http://bit.ly/2pwDhwk}},
  year   = {2013},
  note   = {Accessed: 2017-05-10},
}


@manual{rpi:zero,
  title  = {Raspberry Pi Zero},
  author = {Raspberry Pi Foundation},
  note   = {\url{https://www.raspberrypi.org/products/pi-zero/}},
  year   = {2016},
  note   = {Accessed: 2017-04-22},
}

@article{boehm:1988:uncooperative,
 author = {Boehm, Hans-Juergen and Weiser, Mark},
 title = {Garbage Collection in an Uncooperative Environment},
 journal = {Softw. Pract. Exper.},
 issue_date = {September 1988},
 volume = {18},
 number = {9},
 month = sep,
 year = {1988},
 issn = {0038-0644},
 pages = {807--820},
 numpages = {14},
 url = {http://dx.doi.org/10.1002/spe.4380180902},
 doi = {10.1002/spe.4380180902},
 acmid = {52202},
 publisher = {John Wiley \& Sons, Inc.},
 address = {New York, NY, USA},
}

@manual{mozilla:spidermonkey-compaction,
  title  = {Compacting Garbage Collection in SpiderMonkey},
  author = {Jon Coppeard},
  note   = {\url{https://hacks.mozilla.org/2015/07/compacting-garbage-collection-in-spidermonkey/}},
  year   = {2015},
  note   = {Accessed: 2017-04-23},
}

@manual{microsoft:dotnet-gc,
  title  = {Garbage Collector Basics and Performance Hints},
  author = {Rico Mariani},
  note   = {\url{https://msdn.microsoft.com/en-us/library/ms973837.aspx}},
  year   = {2003},
  note   = {Accessed: 2017-04-23},
}


@misc{microystems2006memory,
  title={Memory Management in the Java HotSpotâ„¢ Virtual Machine},
  author={Sun~Microystems},
  year={2006},
  publisher={Sun Microsystems, Inc.}
}

@inproceedings{johnstone:1998:fragmentation,
 author = {Johnstone, Mark S. and Wilson, Paul R.},
 title = {The Memory Fragmentation Problem: Solved?},
 booktitle = {Proceedings of the 1st International Symposium on Memory Management},
 series = {ISMM '98},
 year = {1998},
 isbn = {1-58113-114-3},
 location = {Vancouver, British Columbia, Canada},
 pages = {26--36},
 numpages = {11},
 url = {http://doi.acm.org/10.1145/286860.286864},
 doi = {10.1145/286860.286864},
 acmid = {286864},
 publisher = {ACM},
 address = {New York, NY, USA},
}

@article{fenichel:1969:compaction,
 author = {Fenichel, Robert R. and Yochelson, Jerome C.},
 title = {A LISP Garbage-collector for Virtual-memory Computer Systems},
 journal = {Commun. ACM},
 issue_date = {Nov. 1969},
 volume = {12},
 number = {11},
 month = nov,
 year = {1969},
 issn = {0001-0782},
 pages = {611--612},
 numpages = {2},
 url = {http://doi.acm.org/10.1145/363269.363280},
 doi = {10.1145/363269.363280},
 acmid = {363280},
 publisher = {ACM},
 address = {New York, NY, USA},
 keywords = {LISP: garbage-collector, list-processing, storage-allocation, virtual memory},
}

@article{hansen:1969:compaction,
 author = {Hansen, Wilfred J.},
 title = {Compact List Representation: Definition, Garbage Collection, and System Implementation},
 journal = {Commun. ACM},
 issue_date = {Sept. 1969},
 volume = {12},
 number = {9},
 month = sep,
 year = {1969},
 issn = {0001-0782},
 pages = {499--507},
 numpages = {9},
 url = {http://doi.acm.org/10.1145/363219.363225},
 doi = {10.1145/363219.363225},
 acmid = {363225},
 publisher = {ACM},
 address = {New York, NY, USA},
 keywords = {LISP, compact list, data representation, data structure, free storage, garbage collection, list, list processing system, list representation, list structure, macro, plex, plex processing, pointer, primitive list operations, relocation, storage reclamation},
}

@inproceedings{wilson:1995:survey,
 author = {Wilson, Paul R. and Johnstone, Mark S. and Neely, Michael and Boles, David},
 title = {Dynamic Storage Allocation: A Survey and Critical Review},
 booktitle = {Proceedings of the International Workshop on Memory Management},
 series = {IWMM '95},
 year = {1995},
 isbn = {3-540-60368-9},
 pages = {1--116},
 numpages = {116},
 url = {http://dl.acm.org/citation.cfm?id=645647.664690},
 acmid = {664690},
 publisher = {Springer-Verlag},
 address = {London, UK, UK},
}

@inproceedings{wegiel:2008:mapping-collector,
 author = {Wegiel, Michal and Krintz, Chandra},
 title = {The Mapping Collector: Virtual Memory Support for Generational, Parallel, and Concurrent Compaction},
 booktitle = {Proceedings of the 13th International Conference on Architectural Support for Programming Languages and Operating Systems},
 series = {ASPLOS XIII},
 year = {2008},
 isbn = {978-1-59593-958-6},
 location = {Seattle, WA, USA},
 pages = {91--102},
 numpages = {12},
 url = {http://doi.acm.org/10.1145/1346281.1346294},
 doi = {10.1145/1346281.1346294},
 acmid = {1346294},
 publisher = {ACM},
 address = {New York, NY, USA},
 keywords = {compaction, concurrent, parallel, virtual memory},
}

@Inbook{karp:1972:reducibility,
author="Karp, Richard M.",
editor="Miller, Raymond E.
and Thatcher, James W.
and Bohlinger, Jean D.",
title="Reducibility among Combinatorial Problems",
bookTitle="Complexity of Computer Computations: Proceedings of a symposium on the Complexity of Computer Computations, held March 20--22, 1972, at the IBM Thomas J. Watson Research Center, Yorktown Heights, New York, and sponsored by the Office of Naval Research, Mathematics Program, IBM World Trade Corporation, and the IBM Research Mathematical Sciences Department",
year="1972",
publisher="Springer US",
address="Boston, MA",
pages="85--103",
isbn="978-1-4684-2001-2",
doi="10.1007/978-1-4684-2001-2_9",
url="http://dx.doi.org/10.1007/978-1-4684-2001-2_9"
}

@misc{knuth:1981:semi,
  title={The Art of Programming, vol. 2, Semi-Numerical Algorithms},
  author={Knuth, Donald E},
  year={1981},
  publisher={Addison Wesley, Reading, MA}
}

@article{baker:2009:accurategc,
 author = {Baker, J. and Cunei, A. and Kalibera, T. and Pizlo, F. and Vitek, J.},
 title = {Accurate Garbage Collection in Uncooperative Environments Revisited},
 journal = {Concurr. Comput. : Pract. Exper.},
 issue_date = {August 2009},
 volume = {21},
 number = {12},
 month = aug,
 year = {2009},
 issn = {1532-0626},
 pages = {1572--1606},
 numpages = {35},
 url = {http://dx.doi.org/10.1002/cpe.v21:12},
 doi = {10.1002/cpe.v21:12},
 acmid = {1572727},
 publisher = {John Wiley and Sons Ltd.},
 address = {Chichester, UK},
 keywords = {Java, compilers, garbage collection, programming languages, runtime systems},
} 

@article{robson:1977:worstcasefrag,
author = {Robson, J. M.},
title = {Worst case fragmentation of first fit and best fit storage allocation strategies},
journal = {The Computer Journal},
volume = {20},
number = {3},
pages = {242},
year = {1977},
doi = {10.1093/comjnl/20.3.242},
URL = {http://dx.doi.org/10.1093/comjnl/20.3.242},
}

@article{hopcroft:1973:maxmatching,
author = {John E. Hopcroft and Richard M. Karp},
title = {An {$n^{5/2}$} Algorithm for Maximum Matchings in Bipartite Graphs},
journal = {SIAM Journal on Computing},
volume = {2},
number = {4},
pages = {225-231},
year = {1973},
doi = {10.1137/0202019},
URL = { 
        http://dx.doi.org/10.1137/0202019
},
eprint = { 
        http://dx.doi.org/10.1137/0202019
}
}
